@article{sutton1988learning,
  title={Learning to predict by the methods of temporal differences},
  author={Sutton, Richard S},
  journal={Machine learning},
  volume={3},
  number={1},
  pages={9--44},
  year={1988},
  publisher={Springer}
}
@book{sutton2018reinforcement,
	title={Reinforcement learning: An introduction},
	author={Sutton, Richard S and Barto, Andrew G},
	year={2018},
	publisher={MIT press}
}
@article{leike2017ai,
	title={AI safety gridworlds},
	author={Leike, Jan and Martic, Miljan and Krakovna, Victoria and Ortega, Pedro A and Everitt, Tom and Lefrancq, Andrew and Orseau, Laurent and Legg, Shane},
	journal={arXiv preprint arXiv:1711.09883},
	year={2017}
}
@online{clark2016faulty,
	title={Faulty Reward Functions in the Wild},
	author={Clark, James and Amodei, Dario},
	year=2016,
	url={https://openai.com/blog/faulty-reward-functions/},
	urldate={2020-08-20}
}
@article{garcia2015comprehensive,
	title={A comprehensive survey on safe reinforcement learning},
	author={Garc{\i}a, Javier and Fern{\'a}ndez, Fernando},
	journal={Journal of Machine Learning Research},
	volume={16},
	number={1},
	pages={1437--1480},
	year={2015}
}
@article{moldovan2012safe,
	title={Safe exploration in markov decision processes},
	author={Moldovan, Teodor Mihai and Abbeel, Pieter},
	journal={arXiv preprint arXiv:1205.4810},
	year={2012}
}
@article{fisac2018general,
	title={A general safety framework for learning-based control in uncertain robotic systems},
	author={Fisac, Jaime F and Akametalu, Anayo K and Zeilinger, Melanie N and Kaynama, Shahab and Gillula, Jeremy and Tomlin, Claire J},
	journal={IEEE Transactions on Automatic Control},
	volume={64},
	number={7},
	pages={2737--2752},
	year={2018},
	publisher={IEEE}
}
@inproceedings{turchetta2016safe,
	title={Safe exploration in finite markov decision processes with gaussian processes},
	author={Turchetta, Matteo and Berkenkamp, Felix and Krause, Andreas},
	booktitle={Advances in Neural Information Processing Systems},
	pages={4312--4320},
	year={2016}
}
@article{paternain2019safe,
	title={Safe policies for reinforcement learning via primal-dual methods},
	author={Paternain, Santiago and Calvo-Fullana, Miguel and Chamon, Luiz FO and Ribeiro, Alejandro},
	journal={arXiv preprint arXiv:1911.09101},
	year={2019}
}
@article{geibel2005risk,
	title={Risk-sensitive reinforcement learning applied to control under constraints},
	author={Geibel, Peter and Wysotzki, Fritz},
	journal={Journal of Artificial Intelligence Research},
	volume={24},
	pages={81--108},
	year={2005}
}
@inproceedings{kim2012cost,
	title={Cost-sensitive exploration in Bayesian reinforcement learning},
	author={Kim, Dongho and Kim, Kee-Eung and Poupart, Pascal},
	booktitle={Advances in neural information processing systems},
	pages={3068--3076},
	year={2012}
}
@article{achiam2017constrained,
	title={Constrained policy optimization},
	author={Achiam, Joshua and Held, David and Tamar, Aviv and Abbeel, Pieter},
	journal={arXiv preprint arXiv:1705.10528},
	year={2017}
}
@inproceedings{chow2018lyapunov,
	title={A lyapunov-based approach to safe reinforcement learning},
	author={Chow, Yinlam and Nachum, Ofir and Duenez-Guzman, Edgar and Ghavamzadeh, Mohammad},
	booktitle={Advances in neural information processing systems},
	pages={8092--8101},
	year={2018}
}
@inproceedings{hans2008safe,
	title={Safe exploration for reinforcement learning.},
	author={Hans, Alexander and Schneega{\ss}, Daniel and Sch{\"a}fer, Anton Maximilian and Udluft, Steffen},
	booktitle={ESANN},
	pages={143--148},
	year={2008}
}
@book{altman1999constrained,
	title={Constrained Markov decision processes},
	author={Altman, Eitan},
	volume={7},
	year={1999},
	publisher={CRC Press}
}
@article{zheng2020constrained,
	title={Constrained upper confidence reinforcement learning},
	author={Zheng, Liyuan and Ratliff, Lillian J},
	journal={arXiv preprint arXiv:2001.09377},
	year={2020}
}
@article{mihatsch2002risk,
	title={Risk-sensitive reinforcement learning},
	author={Mihatsch, Oliver and Neuneier, Ralph},
	journal={Machine learning},
	volume={49},
	number={2-3},
	pages={267--290},
	year={2002},
	publisher={Springer}
}
@article{ray2019benchmarking,
	title={Benchmarking safe exploration in deep reinforcement learning},
	author={Ray, Alex and Achiam, Joshua and Amodei, Dario},
	journal={arXiv preprint arXiv:1910.01708},
	year={2019}
}
@book{sutton2018reinforcement,
	title={Reinforcement learning: An introduction},
	author={Sutton, Richard S and Barto, Andrew G},
	year={2018},
	publisher={MIT press}
}
